@online{e1,
	author = "Eric Weisstein",
	title = "Cellular Automaton — Wolfram Mathworld",
	url  = "http://mathworld.wolfram.com/CellularAutomaton.html"
	
}

@online{e2,
	author = "Eric Weisstein",
	title = "Game of Life — Wolfram Mathworld, 2017.",
	url  = "http://mathworld.wolfram.com/GameofLife.html"
	
}


@online{p2,
	author = "Dra. Elisa Schaeffer",
	title = "Automata cellular",
	url  = "https://elisa.dyndns-web.com/teaching/comp/par/p2.html"

}


@online{p_2,
	author = "Lic. Julio César García García",
	title = "Repositorio.- Julio García",
	url  = "https://github.com/Julio-Garcia-Garcia/Simulacion/tree/master/Tarea%201"
	
}