@online{Eli,
	ALTauthor = {Schaeffer, E.},
	title = {Pr{\'a}ctica 1: Movimiento Browniano},
	url = {https://elisa.dyndns-web.com/teaching/comp/par/p1.html},
	OPTmonth = {sep},
	OPTyear = {2020},
}

@online{tarea1,
	ALTauthor = {Garc{\'i}a, J.},
title = {Pr{\'a}ctica 1: Movimiento Browniano},
url = {https://github.com/Julio-Garcia-Garcia/Simulacion/tree/master/Tarea%201}
}

@online{Jav,
	ALTauthor = {Javier, Navarro.},
	title = {Definici√≥n de Movimiento Browniano},
	url = {https://www.definicionabc.com/ciencia/movimiento-browniano.php},
	OPTmonth = {nov},
	OPTyear = {2018},
}
