
@online{p1,
	author = "Dra. Elisa Schaeffer",
	title = "Pr\'{a}ctica 1: Movimiento Browniano",
	url  = "https://elisa.dyndns-web.com/teaching/comp/par/p1.html"

}


@online{p_1,
	author = "Lic. Julio César García García",
	title = "Repositorio Julio García",
	url  = "https://github.com/Julio-Garcia-Garcia/Simulacion/tree/master/Tarea%201"
	
}
