@book{libro,
	author={Julio},
	title={Ejemplo},
	publisher={Universidad Autononoma de Nuevo Leon},
	year=2020
}
@article{art,
 	author={Julio},
	title={Cosa},
	journal={Revista},
	volume=34,
	number=3,
	month=apr,
	year=2017
}

@misc{otra,
author={{Empresa}},
year=2020,
title={hola conversaci{\'{o}}n}
}