@online{p7,
	author = "Elisa Schaeffer",
	year=2020,
	title = "Práctica 7: Búsqueda Local",
	url  = "https://elisa.dyndns-web.com/teaching/ comp/par/p7.html"

}


@online{p_7,
	author = "Julio César García",
	year=2020,
	title = "Repositorio. Julio García",
	url  = "https://github.com/Julio-Garcia-Garcia/Simulacion/tree/master/Tarea7"
	
}