@online{pa,
	author = "Elisa Schaeffer",
	year=2019,
	title = "Computo Paralelo en Python",
	url  = "https://elisa.dyndns-web.com/teaching/comp/par/paralelo/Python.html"
	
}



@online{p3,
	author = "Elisa Schaeffer",
	year=2020,
	title = "Práctica 3: Teoría de colas",
	url  = "https://elisa.dyndns-web.com/teaching/ comp/par/p3.html"

}


@online{p_3,
	author = "Julio César García",
	year=2020,
	title = "Repositorio. Julio García",
	url  = "https://github.com/Julio-Garcia-Garcia/Simulacion/tree/master/Tarea3"
	
}