@online{pa,
	author = "Elisa Schaeffer",
	year=2020,
	title = "Práctica 10: Algoritmo Genético",
	url  = "https://elisa.dyndns-web.com/teaching/comp/par/p10.html"

}


@online{p_a,
	author = "Julio César García",
	year=2020,
	title = "Repositorio. Julio García",
	url  = "https://github.com/Julio-Garcia-Garcia/Simulacion/tree/master/Tarea10"
	
}