@online{pa,
	author = "Elisa Schaeffer",
	year=2020,
	title = "Práctica 12: Neuronal",
	url  = "https://elisa.dyndns-web.com/teaching/comp/par/p12.html"

}

@online{pa2,
	author = "R Tutorial",
	year=2020,
	title = "Factorial Design",
	url  = "http://www.r-tutor.com/elementary-statistics/analysis-variance/factorial-design"
	
}


@online{p_a,
	author = "Julio César García",
	year=2020,
	title = "Repositorio. Julio García",
	url  = "https://github.com/Julio-Garcia-Garcia/Simulacion/tree/master/Tarea12"
	
}