@online{pa,
	author = "Elisa Schaeffer",
	year=2020,
	title = "Práctica 11: Frentes de Pareto Genético",
	url  = "https://elisa.dyndns-web.com/teaching/comp/par/p11.html"

}

@online{pa1,
	author = "Elisa Schaeffer",
	year=2020,
	title = "Gráfica de violin de soluciones dominantes",
	url  = "https://github.com/satuelisa/Simulation/blob/master/ParetoFronts/violin.py"
	
}


@online{p_a,
	author = "Julio César García",
	year=2020,
	title = "Repositorio. Julio García",
	url  = "https://github.com/Julio-Garcia-Garcia/Simulacion/tree/master/Tarea11"
	
}