@online{p8,
	author = "Elisa Schaeffer",
	year=2020,
	title = "Práctica 8: Búsqueda Local",
	url  = "https://elisa.dyndns-web.com/teaching/comp/par/p8.html"

}


@online{p_8,
	author = "Julio César García",
	year=2020,
	title = "Repositorio. Julio García",
	url  = "https://github.com/Julio-Garcia-Garcia/Simulacion/tree/master/Tarea8"
	
}