@online{p4,
	author = "Elisa Schaeffer",
	year=2020,
	title = "Práctica 4: Teoría de colas",
	url  = "https://elisa.dyndns-web.com/teaching/ comp/par/p4.html"

}


@online{p_4,
	author = "Julio César García",
	year=2020,
	title = "Repositorio. Julio García",
	url  = "https://github.com/Julio-Garcia-Garcia/Simulacion/tree/master/Tarea4"
	
}