@online{p6,
	author = "Elisa Schaeffer",
	year=2020,
	title = "Práctica 6: Sistema Multiagente",
	url  = "https://elisa.dyndns-web.com/teaching/ comp/par/p6.html"

}


@online{p_6,
	author = "Julio César García",
	year=2020,
	title = "Repositorio. Julio García",
	url  = "https://github.com/Julio-Garcia-Garcia/Simulacion/tree/master/Tarea6"
	
}