@online{p9,
	author = "Elisa Schaeffer",
	year=2020,
	title = "Práctica 9: Interraciones entre partículas",
	url  = "https://elisa.dyndns-web.com/teaching/comp/par/p9.html"

}


@online{p_9,
	author = "Julio César García",
	year=2020,
	title = "Repositorio. Julio García",
	url  = "https://github.com/Julio-Garcia-Garcia/Simulacion/tree/master/Tarea9"
	
}