@article{angelbello2013,
  title={A Multi-Start Procedure for the Minimum Latency Problem},
  author={Angel-Bello, Francisco and Alvarez, Ada and Garc{\'\i}a, Irma},
  journal={IFAC Proceedings Volumes},
  volume={46},
  number={9},
  pages={436--441},
  year={2013},
  publisher={Elsevier}
}

@inproceedings{afinacionEvolutivo,
  title={Efficient relevance estimation and value calibration of evolutionary algorithm parameters},
  author={Nannen, Volker and Eiben, Agoston E},
  booktitle={2007 IEEE congress on evolutionary computation},
  pages={103--110},
  year={2007},
  organization={IEEE}
}

@article{afinacionEnjambre,
  title={The particle swarm optimization algorithm: convergence analysis and parameter selection},
  author={Trelea, Ioan Cristian},
  journal={Information processing letters},
  volume={85},
  number={6},
  pages={317--325},
  year={2003},
  publisher={Elsevier}
}

@article{afinacionLogicaDifusa,
  title={Adaptation of genetic algorithm parameters based on fuzzy logic controllers},
  author={Herrera, Francisco and Lozano, Manuel and others},
  journal={Genetic Algorithms and Soft Computing},
  volume={8},
  number={1996},
  pages={95--125},
  year={1996}
}

@misc{frentePareto,
author = {Elisa Schaeffer},
title = {Práctica 11: frentes de Pareto},
year = {2020},
howpublished = {Accedido en 28-12-2020 a url{https://elisa.dyndns-web.com/teaching/comp/par/p11.html}},
}

@misc{repositorio,
author = {Julio César García García},
title = {Repositorio de proyecto final},
year = {2020},
howpublished = {Accedido en 03-01-2021 a url{https://github.com/Julio-Garcia-Garcia/Simulacion/tree/master/Proyecto}},
}