@online{p5,
	author = "Elisa Schaeffer",
	year=2020,
	title = "Práctica 5: Método Monte-Carlo",
	url  = "https://elisa.dyndns-web.com/teaching/ comp/par/p5.html"

}


@online{p_5,
	author = "Julio César García",
	year=2020,
	title = "Repositorio. Julio García",
	url  = "https://github.com/Julio-Garcia-Garcia/Simulacion/tree/master/Tarea5"
	
}